@article{sharma2015wheat,
  author  = {Sharma, I. and Tyagi, B. S. and Singh, G. and Venkatesh, K. and Gupta, O. P.},
  title   = {Enhancing Wheat Production—A Global Perspective},
  journal = {The Indian Journal of Agricultural Sciences},
  volume  = {85},
  number  = {1},
  pages   = {03--13},
  year    = {2015}
}
@article{haider2021wheat,
  author  = {Haider, W. and Rehman, A. U. and Durrani, N. M. and Rehman, S. U.},
  title   = {A Generic Approach for Wheat Disease Classification and Verification Using Expert Opinion for Knowledge-Based Decisions},
  journal = {IEEE Access},
  volume  = {9},
  pages   = {31104--31129},
  year    = {2021},
  doi     = {10.1109/ACCESS.2021.3059421}
}

@book{duveiller2012wheat,
  author    = {Duveiller, Etienne and Singh, Ravi P. and Singh, Pawan K. and Dababat, Abdurahman A. and Mezzalama, Marino},
  title     = {Wheat Diseases and Pests: A Guide for Field Identification},
  year      = {2012},
  publisher = {CIMMYT}
}

@article{figueroa2018review,
  author  = {Figueroa, Manuel and Hammond‐Kosack, Kim E. and Solomon, Peter S.},
  title   = {A Review of Wheat Diseases—A Field Perspective},
  journal = {Molecular Plant Pathology},
  volume  = {19},
  number  = {6},
  pages   = {1523--1536},
  year    = {2018},
  publisher = {Wiley Online Library}
}

@article{singh2023wheat,
  author  = {Singh, J. and Chhabra, B. and Raza, A. and Yang, S. H. and Sandhu, K. S.},
  title   = {Important Wheat Diseases in the US and Their Management in the 21st Century},
  journal = {Frontiers in Plant Science},
  volume  = {13},
  pages   = {1010191},
  year    = {2023},
  publisher = {Frontiers}
}
@article{farook2019insect,
  author  = {Farook, U. B. and Khan, Z. H. and Ahad, I. and Maqbool, S. and Yaqoob, M. and Rafieq, I. and Rehman, S. A. and Sultan, N.},
  title   = {A Review on Insect Pest Complex of Wheat (Triticum aestivum L.)},
  journal = {Journal of Entomology and Zoology Studies},
  volume  = {7},
  number  = {1},
  pages   = {1292--1298},
  year    = {2019}
}

@techreport{kashyap2018identification,
  author      = {Kashyap, P. L. and Jasrotia, P. and Kumar, S. and Singh, D. P. and Singh, G. P.},
  title       = {Identification Guide for Major Diseases and Insect-Pests of Wheat},
  year        = {2018},
  institution = {Technical Bulletin},
  number      = {18}
}

@book{mehta2014wheat,
  author    = {Mehta, Y. R.},
  title     = {Wheat Diseases and Their Management},
  year      = {2014},
  publisher = {Springer},
  doi       = {10.1007/978-3-319-06477-0} % If available, add DOI
}

@article{zhang2025precision,
  author    = {Zhang, D. and Hou, L. and Lv, L. and Qi, H. and Sun, H. and Zhang, X. and Li, S. and Min, J. and Liu, Y. and Tang, Y. and Liao, Y.},
  title     = {Precision Agriculture: Temporal and Spatial Modeling of Wheat Canopy Spectral Characteristics},
  journal   = {Agriculture},
  volume    = {15},
  number    = {3},
  pages     = {326},
  year      = {2025},
  doi       = {10.3390/agriculture15030326}
}
@article{ghazal2024computer,
  author    = {Ghazal, S. and Munir, A. and Qureshi, W. S.},
  title     = {Computer Vision in Smart Agriculture and Precision Farming: Techniques and Applications},
  journal   = {Artificial Intelligence in Agriculture},
  year      = {2024}
}

@article{idoje2021survey,
  author    = {Idoje, G. and Dagiuklas, T. and Iqbal, M.},
  title     = {Survey for Smart Farming Technologies: Challenges and Issues},
  journal   = {Computers \& Electrical Engineering},
  volume    = {92},
  pages     = {107104},
  year      = {2021}
}

@article{ramadan2024improving,
  author    = {S. T. Y. Ramadan and T. Sakib and F. Al Farid and M. S. Islam and J. Abdullah and M. R. Bhuiyan and S. Mansor and H. A. Karim},
  title     = {Improving Wheat Leaf Disease Classification: Evaluating Augmentation Strategies and CNN-Based Models With Limited Dataset},
  journal   = {IEEE Access},
  year      = {2024}
}
@article{reis2024integrated,
  author    = {H. C. Reis and V. Turk},
  title     = {Integrated Deep Learning and Ensemble Learning Model for Deep Feature-Based Wheat Disease Detection},
  journal   = {Microchemical Journal},
  volume    = {197},
  pages     = {109790},
  year      = {2024}
}
@article{hassan2024wheat,
  author    = {A. Hassan and R. Mumtaz and Z. Mahmood and M. Fayyaz and M. K. Naeem},
  title     = {Wheat Leaf Localization and Segmentation for Yellow Rust Disease Detection in Complex Natural Backgrounds},
  journal   = {Alexandria Engineering Journal},
  volume    = {107},
  pages     = {786--798},
  year      = {2024}
}

@article{onler2024wheat,
  author    = {E. Önler and N. D. Köycü},
  title     = {Wheat Powdery Mildew Detection with YOLOv8 Object Detection Model},
  journal   = {Applied Sciences},
  volume    = {14},
  number    = {16},
  pages     = {7073},
  year      = {2024}
}

@article{zhang2019deep,
  author    = {X. Zhang and L. Han and Y. Dong and Y. Shi and W. Huang and L. Han and P. González-Moreno and H. Ma and H. Ye and T. Sobeih},
  title     = {A Deep Learning-Based Approach for Automated Yellow Rust Disease Detection from High-Resolution Hyperspectral UAV Images},
  journal   = {Remote Sensing},
  volume    = {11},
  number    = {13},
  pages     = {1554},
  year      = {2019}
}

@article{ali2023faster,
  author    = {F. Ali and H. Qayyum and M. J. Iqbal},
  title     = {Faster-PestNet: A Lightweight Deep Learning Framework for Crop Pest Detection and Classification},
  journal   = {IEEE Access},
  year      = {2023}
}
@article{albattah2023custom,
  author    = {W. Albattah and M. Masood and A. Javed and M. Nawaz and S. Albahli},
  title     = {Custom CornerNet: A Drone-Based Improved Deep Learning Technique for Large-Scale Multiclass Pest Localization and Classification},
  journal   = {Complex \& Intelligent Systems},
  volume    = {9},
  number    = {2},
  pages     = {1299--1316},
  year      = {2023}
}
@article{liu2019pestnet,
  author    = {L. Liu and R. Wang and C. Xie and P. Yang and F. Wang and S. Sudirman and W. Liu},
  title     = {PestNet: An End-to-End Deep Learning Approach for Large-Scale Multi-Class Pest Detection and Classification},
  journal   = {IEEE Access},
  volume    = {7},
  pages     = {45301--45312},
  year      = {2019}
}

@article{yao2024yolo,
  author    = {X. Yao and F. Yang and J. Yao},
  title     = {YOLO-Wheat: A Wheat Disease Detection Algorithm Improved by YOLOv8s},
  journal   = {IEEE Access},
  year      = {2024}
}
@article{reis2024integrated,
  author    = {H. C. Reis and V. Turk},
  title     = {Integrated Deep Learning and Ensemble Learning Model for Deep Feature-Based Wheat Disease Detection},
  journal   = {Microchemical Journal},
  volume    = {197},
  pages     = {109790},
  year      = {2024}
}
@article{fang2023lightweight,
  author    = {X. Fang and T. Zhen and Z. Li},
  title     = {Lightweight Multiscale CNN Model for Wheat Disease Detection},
  journal   = {Applied Sciences},
  volume    = {13},
  number    = {9},
  pages     = {5801},
  year      = {2023}
}
@article{nigam2023deep,
  author    = {S. Nigam and R. Jain and S. Marwaha and A. Arora and M. A. Haque and A. Dheeraj and V. K. Singh},
  title     = {Deep Transfer Learning Model for Disease Identification in Wheat Crop},
  journal   = {Ecological Informatics},
  volume    = {75},
  pages     = {102068},
  year      = {2023}
}
@article{goyal2021leaf,
  author    = {L. Goyal and C. M. Sharma and A. Singh and P. K. Singh},
  title     = {Leaf and Spike Wheat Disease Detection \& Classification Using an Improved Deep Convolutional Architecture},
  journal   = {Informatics in Medicine Unlocked},
  volume    = {25},
  pages     = {100642},
  year      = {2021}
}
@article{turkoglu2019plant,
  author    = {M. Türkoğlu and D. Hanbay},
  title     = {Plant Disease and Pest Detection Using Deep Learning-Based Features},
  journal   = {Turkish Journal of Electrical Engineering and Computer Sciences},
  volume    = {27},
  number    = {3},
  pages     = {1636--1651},
  year      = {2019}
}
@article{alharbi2023wheat,
  title={Wheat disease classification using continual learning},
  author={Alharbi, A. and Khan, M.U.G. and Tayyaba, B.},
  journal={IEEE Access},
  year={2023}
}

@inproceedings{jouini2023wheat,
  title={Wheat leaf disease detection using CNN in Smart Agriculture},
  author={Jouini, O. and Sethom, K. and Bouallegue, R.},
  booktitle={2023 International Wireless Communications and Mobile Computing (IWCMC)},
  pages={1660--1665},
  year={2023},
  organization={IEEE},
  month={June}
}
@article{yao2024yolo,
  title={YOLO-Wheat: A wheat disease detection algorithm improved by YOLOv8s},
  author={Yao, X. and Yang, F. and Yao, J.},
  journal={IEEE Access},
  year={2024}
}

@article{hong2022lightweight,
  title={A lightweight model for wheat ear fusarium head blight detection based on RGB images},
  author={Hong, Q. and Jiang, L. and Zhang, Z. and Ji, S. and Gu, C. and Mao, W. and Li, W. and Liu, T. and Li, B. and Tan, C.},
  journal={Remote Sensing},
  volume={14},
  number={14},
  pages={3481},
  year={2022}
}
@article{li2022recommending,
  title={Recommending advanced deep learning models for efficient insect pest detection},
  author={Li, W. and Zhu, T. and Li, X. and Dong, J. and Liu, J.},
  journal={Agriculture},
  volume={12},
  number={7},
  pages={1065},
  year={2022}
}

@article{garg2023smart,
  author = {Garg, D. and Alam, M.},
  title = {Smart agriculture: A literature review},
  journal = {Journal of Management Analytics},
  volume = {10},
  number = {2},
  pages = {359--415},
  year = {2023}
}
@incollection{krenker2011introduction,
  author = {Krenker, Andrej and Bešter, Janez and Kos, Andrej},
  title = {Introduction to the Artificial Neural Networks},
  booktitle = {Artificial Neural Networks: Methodological Advances and Biomedical Applications},
  publisher = {InTech},
  year = {2011},
  pages = {1--18}
}
@book{bengio2017deep,
  author = {Bengio, Yoshua and Goodfellow, Ian and Courville, Aaron},
  title = {Deep Learning},
  volume = {1},
  pages = {23--24},
  publisher = {MIT Press},
  address = {Cambridge, MA, USA},
  year = {2017}
}
@article{li2021water,
  title={Water surface object detection using panoramic vision based on improved single-shot multibox detector},
  author={Li, A. and Zhu, X. and He, S. and Xia, J.},
  journal={EURASIP Journal on Advances in Signal Processing},
  year={2021},
  pages={1--15},
  volume={2021},
  publisher={Springer}
}
@article{ren2023review,
  title={A review of machine learning state-of-charge and state-of-health estimation algorithms for lithium-ion batteries},
  author={Ren, Z. and Du, C.},
  journal={Energy Reports},
  volume={9},
  pages={2993--3021},
  year={2023},
  publisher={Elsevier}
}
@article{dubey2022activation,
  author = {Dubey, S. R. and Singh, S. K. and Chaudhuri, B. B.},
  title = {Activation functions in deep learning: A comprehensive survey and benchmark},
  journal = {Neurocomputing},
  volume = {503},
  pages = {92--108},
  year = {2022}
}
@book{Kelleher2019,
    author    = {Kelleher, J. D.},
    title     = {Deep Learning},
    publisher = {MIT Press},
    year      = {2019}
}

@article{alzubaidi2021review,
  title={Review of deep learning: concepts, CNN architectures, challenges, applications, future directions},
  author={Alzubaidi, Laith and Zhang, Jinglan and Humaidi, Abdul Jaleel and Al-Dujaili, Abdulmonem and Duan, Yulei and Al-Shamma, Omar and Santamaría, Joan and Fadhel, Mohammed Abbas and Al-Amidie, Muna and Farhan, Laith},
  journal={Journal of Big Data},
  volume={8},
  pages={1--74},
  year={2021},
  publisher={Springer}
}

@article{zhao2019learningrate,
  title={Research on a learning rate with energy index in deep learning},
  author={Zhao, Hong and Liu, Fei and Zhang, Haiping and Liang, Zhigang},
  journal={Neural Networks},
  volume={110},
  pages={225--231},
  year={2019},
  publisher={Elsevier}
}

@article{zhao2019objectdetection,
  title={Object detection with deep learning: A review},
  author={Zhao, Zhi-Qi and Zheng, Peng and Xu, Shou-Tao and Wu, Xindong},
  journal={IEEE Transactions on Neural Networks and Learning Systems},
  volume={30},
  number={11},
  pages={3212--3232},
  year={2019},
  publisher={IEEE}
}
@book{ketkar2017deep,
  title     = {Deep Learning with Python},
  author    = {Ketkar, Nikhil and Santana, Eloi},
  volume    = {1},
  year      = {2017},
  publisher = {Springer},
}

@article{purwono2022understanding,
  title={Understanding of convolutional neural network (CNN): A review},
  author={Purwono, P. and Ma'arif, A. and Rahmaniar, W. and Fathurrahman, H. I. K. and Frisky, A. Z. K. and ul Haq, Q. M.},
  journal={International Journal of Robotics and Control Systems},
  volume={2},
  number={4},
  pages={739--748},
  year={2022}
}

@article{crocioni2020li,
  title={Li-ion batteries parameter estimation with tiny neural networks embedded on intelligent IoT micro-controllers},
  author={Crocioni, G. and Pau, D. and Delorme, J.M. and Gruosso, G.},
  journal={IEEE Access},
  volume={8},
  pages={122135--122146},
  year={2020},
  doi={10.1109/ACCESS.2020.3007046}
}
@article{ahmed2022classification,
  title={Classification and understanding of cloud structures via satellite images with EfficientUNet},
  author={Ahmed, T. and Sabab, N. H. N.},
  journal={SN Computer Science},
  volume={3},
  number={1},
  pages={99},
  year={2022},
  publisher={Springer}
}
@inproceedings{tan2018survey,
  title={A survey on deep transfer learning},
  author={Tan, C. and Sun, F. and Kong, T. and Zhang, W. and Yang, C. and Liu, C.},
  booktitle={Artificial Neural Networks and Machine Learning -- ICANN 2018: 27th International Conference on Artificial Neural Networks, Rhodes, Greece, October 4--7, 2018, Proceedings, Part III},
  pages={270--279},
  year={2018},
  publisher={Springer International Publishing}
}

@article{jouini2024wheat,
  author    = {Jouini, O. and Aoueileyine, M.O.E. and Sethom, K. and Yazidi, A.},
  title     = {Wheat Leaf Disease Detection: A Lightweight Approach with Shallow CNN Based Feature Refinement},
  journal   = {AgriEngineering},
  year      = {2024},
  volume    = {6},
  number    = {3},
  pages     = {2001--2022},
}

@article{hossen2025transfer,
  author    = {Hossen, M.I. and Awrangjeb, M. and Pan, S. and Mamun, A.A.},
  title     = {Transfer learning in agriculture: a review},
  journal   = {Artificial Intelligence Review},
  year      = {2025},
  volume    = {58},
  number    = {4},
  pages     = {97},
}

@article{li2021implicit,
  author    = {Li, J. and Nguyen, T. and Hegde, C. and Wong, K.W.},
  title     = {Implicit sparse regularization: The impact of depth and early stopping},
  journal   = {Advances in Neural Information Processing Systems},
  year      = {2021},
  volume    = {34},
  pages     = {28298--28309},
}
@article{aquino2017effect,
  author    = {Aquino, N.R. and Gutoski, M. and Hattori, L.T. and Lopes, H.S.},
  title     = {The effect of data augmentation on the performance of convolutional neural networks},
  journal   = {Brazilian Society of Computational Intelligence},
  year      = {2017},
  volume    = {10},
}
@article{ren2016faster,
  title={Faster R-CNN: Towards real-time object detection with region proposal networks},
  author={Ren, Shaoqing and He, Kaiming and Girshick, Ross B. and Sun, Jian},
  journal={IEEE Transactions on Pattern Analysis and Machine Intelligence},
  volume={39},
  number={6},
  pages={1137--1149},
  year={2016},
  publisher={IEEE}
}
